<?xml version="1.0" encoding="UTF-8"?><collection xmlns="http://www.loc.gov/MARC21/slim"><record><leader>00304nam--2200121-i-4500</leader><controlfield tag="001">000037366</controlfield><controlfield tag="002">20161230</controlfield><controlfield tag="005">20161230201041</controlfield><controlfield tag="008">060222s1000------------r-----000-0-eng-d</controlfield><datafield ind1=" " ind2=" " tag="080"><subfield code="a">621.039.577</subfield></datafield><datafield ind1=" " ind2=" " tag="245"><subfield code="a">Progress at douglas point</subfield></datafield><datafield ind1=" " ind2=" " tag="260"><subfield code="a">Ontariio, Atomic Energy Of Canada Limited. 4 P</subfield></datafield><datafield ind1=" " ind2=" " tag="852"><subfield code="a">19325</subfield></datafield></record></collection>